<?xml version="1.0" encoding="UTF-8"?><collection xmlns="http://www.loc.gov/MARC21/slim"><record><leader>00327nam--2200121-i-4500</leader><controlfield tag="001">000042219</controlfield><controlfield tag="002">20161230</controlfield><controlfield tag="005">20161230201043</controlfield><controlfield tag="008">060222s1000------------r-----000-0-eng-d</controlfield><datafield ind1=" " ind2=" " tag="080"><subfield code="a">546.799.8(061.3)</subfield></datafield><datafield ind1=" " ind2=" " tag="245"><subfield code="a">Some physical dosimetry and biomedical aspects of californium-252</subfield></datafield><datafield ind1=" " ind2=" " tag="260"><subfield code="a">Viena, Iaea, 1976. 278 P</subfield></datafield><datafield ind1=" " ind2=" " tag="852"><subfield code="a">43768</subfield></datafield></record></collection>